@misc{existing,
  title={Political Debates Summarization},
  author={MA Angrosh},
  howpublished={\url{https://abdn-politicaldebate.rhcloud.com/summary_webapp/FirstPage.jsp}},
  year={2016}
}

@InProceedings{corenlp,
  author    = {Manning, Christopher D. and  Surdeanu, Mihai  and  Bauer, John  and  Finkel, Jenny  and  Bethard, Steven J. and  McClosky, David},
  title     = {The {Stanford} {CoreNLP} Natural Language Processing Toolkit},
  booktitle = {Proceedings of 52nd Annual Meeting of the Association for Computational Linguistics: System Demonstrations},
  year      = {2014},
  pages     = {55--60},
  url       = {http://www.aclweb.org/anthology/P/P14/P14-5010}
}

@ARTICLE{opinion,
  author = {Pang, Bo and Lee, Lillian},
  title = {Opinion Mining and Sentiment Analysis},
  journal = {Foundations and Trends in Information Retrieval},
  year = {2008},
  volume = {2},
  pages = {1--135},
  number = {1-2},
  address = {Hanover, MA, USA},
  issn = {1554-0669},
  url = {http://dx.doi.org/10.1561/1500000011}
}

@ARTICLE{catsdogs,
  author = {Anand, P. and Walker, M. and Abbott, R. and Tree, J. E. F. and Bowmani,
  R. and Minor, M.},
  title = {Cats Rule and Dogs Drool!: Classifying Stance in Online Debate},
  journal = {ACL HLT 2011},
  year = {2011}
}

@INPROCEEDINGS{wyner,
  author = {Adam Wyner},
  title = {Mining Fine-grained Argument Elements},
  booktitle = {Proceedings of Frontiers and Connections between Argumentation Theory
  and Natural Language Processing (ArgNLP2014)},
  year = {2015},
  editor = {Elena Cabrio and Serena Villata and Adam Wyner},
  volume = {1341},
  address = {Bertinoro, Italy},
  month = {July},
  publisher = {CEUR Workshop Proceedings},
}

@INPROCEEDINGS{twitter,
  author = {Kathrin Grosse and Carlos Iv{\'a}n Ches{\~n}evar and Ana Gabriela
  Maguitman},
  title = {An Argument-based Approach to Mining Opinions from Twitter},
  booktitle = {AT},
  year = {2012},
  pages = {408-422},
  crossref = {DBLP:conf/at/2012},
}

@INPROCEEDINGS{contradictions,
  author = {de Marneffe, Marie-Catherine and Rafferty, Anna N. and Manning, Christopher
  D.},
  title = {Finding Contradictions in Text},
  booktitle = {Proceedings of ACL-08: HLT},
  year = {2008},
  pages = {1039--1047},
  address = {Columbus, Ohio},
  month = {June},
  publisher = {Association for Computational Linguistics},
  url = {http://www.aclweb.org/anthology/P/P08/P08-1118}
}
