@inproceedings{mckeown1995generating,
  title={Generating summaries of multiple news articles},
  author={McKeown, Kathleen and Radev, Dragomir R},
  booktitle={Proceedings of the 18th annual international ACM SIGIR conference on Research and development in information retrieval},
  pages={74--82},
  year={1995},
  organization={ACM}
}

@inproceedings{McKeown1999TMS315149315355,
  author = {McKeown, Kathleen R. and Klavans, Judith L. and Hatzivassiloglou, Vasileios and Barzilay, Regina and Eskin, Eleazar},
  title = {Towards Multidocument Summarization by Reformulation: Progress and Prospects},
  booktitle = {Proceedings of the Sixteenth National Conference on Artificial Intelligence and the Eleventh Innovative Applications of Artificial Intelligence Conference Innovative Applications of Artificial Intelligence},
  series = {AAAI '99/IAAI '99},
  year = {1999},
  isbn = {0-262-51106-1},
  location = {Orlando, Florida, USA},
  pages = {453--460},
  numpages = {8},
  url = {http://dl.acm.org/citation.cfm?id=315149.315355},
  acmid = {315355},
  publisher = {American Association for Artificial Intelligence},
  address = {Menlo Park, CA, USA},
}

@inproceedings{barzilay1999information,
  title={Information fusion in the context of multi-document summarization},
  author={Barzilay, Regina and McKeown, Kathleen R and Elhadad, Michael},
  booktitle={Proceedings of the 37th annual meeting of the Association for Computational Linguistics on Computational Linguistics},
  pages={550--557},
  year={1999},
  organization={Association for Computational Linguistics}
}

@inproceedings{radev2000centroid,
  title={Centroid-based summarization of multiple documents: sentence extraction, utility-based evaluation, and user studies},
  author={Radev, Dragomir R and Jing, Hongyan and Budzikowska, Malgorzata},
  booktitle={Proceedings of the 2000 NAACL-ANLP Workshop on Automatic summarization},
  pages={21--30},
  year={2000},
  organization={Association for Computational Linguistics}
}

@inproceedings{mckeown1995generating,
  title={Generating summaries of multiple news articles},
  author={McKeown, Kathleen and Radev, Dragomir R},
  booktitle={Proceedings of the 18th annual international ACM SIGIR conference on Research and development in information retrieval},
  pages={74--82},
  year={1995},
  organization={ACM}
}

@inproceedings{turney2002thumbs,
  title={Thumbs up or thumbs down?: semantic orientation applied to unsupervised classification of reviews},
  author={Turney, Peter D},
  booktitle={Proceedings of the 40th annual meeting on association for computational linguistics},
  pages={417--424},
  year={2002},
  organization={Association for Computational Linguistics}
}

@inproceedings{hu2004mining,
  title={Mining and summarizing customer reviews},
  author={Hu, Minqing and Liu, Bing},
  booktitle={Proceedings of the tenth ACM SIGKDD international conference on Knowledge discovery and data mining},
  pages={168--177},
  year={2004},
  organization={ACM}
}

@article{knight2000statistics,
  title={Statistics-based summarization-step one: Sentence compression},
  author={Knight, Kevin and Marcu, Daniel},
  year={2000}
}
