@article{schuler2005verbnet,
  title={VerbNet: A broad-coverage, comprehensive verb lexicon},
  author={Schuler, Karin Kipper},
  year={2005}
}

@inproceedings{fillmore2002framenet,
  title={The FrameNet Database and Software Tools.},
  author={Fillmore, Charles J and Baker, Collin F and Sato, Hiroaki},
  booktitle={LREC},
  year={2002}
}
