@article{radev2002introduction,
  title={Introduction to the special issue on summarization},
  author={Radev, Dragomir R and Hovy, Eduard and McKeown, Kathleen},
  journal={Computational linguistics},
  volume={28},
  number={4},
  pages={399--408},
  year={2002},
  publisher={MIT Press}
}

@inproceedings{palau2009argumentation,
  title={Argumentation mining: the detection, classification and structure of arguments in text},
  author={Palau, Raquel Mochales and Moens, Marie-Francine},
  booktitle={Proceedings of the 12th international conference on artificial intelligence and law},
  pages={98--107},
  year={2009},
  organization={ACM}
}

@article{park2015conditional,
  title={Conditional random fields for identifying appropriate types of support for propositions in online user comments},
  author={Park, Joonsuk and Katiyar, Arzoo and Yang, Bishan},
  journal={NAACL HLT 2015},
  pages={39},
  year={2015}
}
