// email
@inproceedings{carenini2007summarizing,
  title={Summarizing email conversations with clue words},
  author={Carenini, Giuseppe and Ng, Raymond T and Zhou, Xiaodong},
  booktitle={Proceedings of the 16th international conference on World Wide Web},
  pages={91--100},
  year={2007},
  organization={ACM}
}

@inproceedings{shrestha2004detection,
  title={Detection of question-answer pairs in email conversations},
  author={Shrestha, Lokesh and McKeown, Kathleen},
  booktitle={Proceedings of the 20th international conference on Computational Linguistics},
  pages={889},
  year={2004},
  organization={Association for Computational Linguistics}
}

@inproceedings{shrestha2007using,
  title={Using Question-Answer Pairs in Extractive Summarization of Email Conversations},
  author={Shrestha, Lokesh and McKeown, Kathleen and Rambow, Owen},
  booktitle={In Proceedings of CICLing, volume 4394 of Lecture Notes in Computer Science},
  year={2007},
  organization={Citeseer}
}

@inproceedings{corston2004task,
  title={Task-focused summarization of email},
  author={Corston-Oliver, Simon and Ringger, Eric and Gamon, Michael and Campbell, Richard},
  booktitle={ACL-04 Workshop: Text Summarization Branches Out},
  pages={43--50},
  year={2004}
}

// discussion
@inproceedings{newman2003summarizing,
  title={Summarizing archived discussions: a beginning},
  author={Newman, Paula S and Blitzer, John C},
  booktitle={Proceedings of the 8th international conference on Intelligent user interfaces},
  pages={273--276},
  year={2003},
  organization={ACM}
}

@inproceedings{zhou2006summarization,
  title={On the Summarization of Dynamically Introduced Information: Online Discussions and Blogs.},
  author={Zhou, Liang and Hovy, Eduard H},
  booktitle={AAAI Spring Symposium: Computational Approaches to Analyzing Weblogs},
  pages={237},
  year={2006}
}

//opinions
@inproceedings{hu2004mining,
  title={Mining and summarizing customer reviews},
  author={Hu, Minqing and Liu, Bing},
  booktitle={Proceedings of the tenth ACM SIGKDD international conference on Knowledge discovery and data mining},
  pages={168--177},
  year={2004},
  organization={ACM}
}

@inproceedings{lloret2009towards,
  title={Towards building a competitive opinion summarization system: challenges and keys},
  author={Lloret, Elena and Balahur, Alexandra and Palomar, Manuel and Montoyo, Andr{\'e}s},
  booktitle={Proceedings of Human Language Technologies: The 2009 Annual Conference of the North American Chapter of the Association for Computational Linguistics, Companion Volume: Student Research Workshop and Doctoral Consortium},
  pages={72--77},
  year={2009},
  organization={Association for Computational Linguistics}
}

//argumentation
@inproceedings{galley2004identifying,
  title={Identifying agreement and disagreement in conversational speech: Use of bayesian networks to model pragmatic dependencies},
  author={Galley, Michel and McKeown, Kathleen and Hirschberg, Julia and Shriberg, Elizabeth},
  booktitle={Proceedings of the 42nd Annual Meeting on Association for Computational Linguistics},
  pages={669},
  year={2004},
  organization={Association for Computational Linguistics}
}

@inproceedings{boltuzic2015identifying,
  title={Identifying prominent arguments in online debates using semantic textual similarity},
  author={Boltuzic, Filip and {\v{S}}najder, Jan},
  booktitle={Proceedings of the 2nd Workshop on Argumentation Mining},
  pages={110--115},
  year={2015}
}

@inproceedings{cabrio2012combining,
  title={Combining textual entailment and argumentation theory for supporting online debates interactions},
  author={Cabrio, Elena and Villata, Serena},
  booktitle={Proceedings of the 50th Annual Meeting of the Association for Computational Linguistics: Short Papers-Volume 2},
  pages={208--212},
  year={2012},
  organization={Association for Computational Linguistics}
}

@inproceedings{ghosh2014analyzing,
  title={Analyzing argumentative discourse units in online interactions},
  author={Ghosh, Debanjan and Muresan, Smaranda and Wacholder, Nina and Aakhus, Mark and Mitsui, Matthew},
  booktitle={Proceedings of the First Workshop on Argumentation Mining},
  pages={39--48},
  year={2014}
}
